@book{C.C.W.Taylor1999Commentary,
    title = {{ The atomists, Leucippus and Democritus: fragments, a text and translation with a commentary}},
    year = {1999},
    author = {{C.C.W. Taylor}},
    pages = {157--158},
    publisher = {University of Toronto Press},
    isbn = {0-8020-4390-9}
}

@misc{Britannica2023ThomsonModel,
    title = {{"Thomson atomic model"}},
    year = {2023},
    booktitle = { Encyclopedia Britannica},
    author = {Britannica, The Editors of Encyclopaedia},
    url = {https://www.britannica.com/science/Thomson-atomic-model}
}

@article{Mirijello2014DoctorPointes,
    title = {{'Doctor, treat your patient, not your monitor!' Tremor-induced ECG artefacts mimicking torsades de pointes}},
    year = {2014},
    journal = {Case Reports},
    author = {Mirijello, A. and Fuorlo, M. and Addolorato, G. and Landolfi, R.},
    number = {may08 1},
    month = {5},
    pages = {bcr2014204735-bcr2014204735},
    volume = {2014},
    doi = {10.1136/bcr-2014-204735},
    issn = {1757-790X}
}

@article{Ma20216nmSource,
    title = {{6 nm super-resolution optical transmission and scattering spectroscopic imaging of carbon nanotubes using a nanometer-scale white light source}},
    year = {2021},
    journal = {Nature Communications},
    author = {Ma, Xuezhi and Liu, Qiushi and Yu, Ning and Xu, Da and Kim, Sanggon and Liu, Zebin and Jiang, Kaili and Wong, Bryan M. and Yan, Ruoxue and Liu, Ming},
    number = {1},
    month = {11},
    pages = {6868},
    volume = {12},
    doi = {10.1038/s41467-021-27216-5},
    issn = {2041-1723}
}

@article{AlGhatrif2012AElectrocardiography,
    title = {{A brief review: history to understand fundamentals of electrocardiography}},
    year = {2012},
    journal = {Journal of Community Hospital Internal Medicine Perspectives},
    author = {AlGhatrif, Majd and Lindsay, Joseph},
    number = {1},
    month = {1},
    pages = {14383},
    volume = {2},
    url = {https://www.ncbi.nlm.nih.gov/pmc/articles/PMC3714093/},
    doi = {10.3402/jchimp.v2i1.14383},
    issn = {2000-9666}
}

@book{JaumeNavarro1995AThomson,
    title = {{A History of the Electron: J.J. and G.P. Thomson}},
    year = {1995},
    author = {{Jaume Navarro}},
    publisher = {Cambridge University Press},
    isbn = {978-1-107-00522-8.}
}

@article{Franken2020ADevelopments,
    title = {{A Technical Introduction to Transmission Electron Microscopy for Soft‐Matter: Imaging, Possibilities, Choices, and Technical Developments}},
    year = {2020},
    journal = {Small},
    author = {Franken, Linda E. and Gr{\"{u}}newald, Kay and Boekema, Egbert J. and Stuart, Marc C. A.},
    number = {14},
    month = {4},
    pages = {1906198},
    volume = {16},
    url = {https://onlinelibrary.wiley.com/doi/full/10.1002/smll.201906198},
    doi = {10.1002/smll.201906198},
    issn = {1613-6810}
}

@article{Goloskokov2010AnElectroproduction,
    title = {{An attempt to understand exclusive {$\pi$} + electroproduction}},
    year = {2010},
    journal = {The European Physical Journal C},
    author = {Goloskokov, S. V. and Kroll, P.},
    number = {1-2},
    month = {1},
    pages = {137},
    volume = {65},
    doi = {10.1140/epjc/s10052-009-1178-9},
    issn = {1434-6044}
}

@article{Altarelli1977AsymptoticLanguage,
    title = {{Asymptotic freedom in parton language}},
    year = {1977},
    journal = {Nuclear Physics B},
    author = {Altarelli, G. and Parisi, G.},
    number = {2},
    month = {8},
    pages = {298--318},
    volume = {126},
    doi = {10.1016/0550-3213(77)90384-4},
    issn = {05503213}
}

@article{Macfarlane2021AutomatedNetworks,
    title = {{Automated ECG Interpretation—A Brief History from High Expectations to Deepest Networks}},
    year = {2021},
    journal = {Hearts},
    author = {Macfarlane, Peter W. and Kennedy, Julie},
    number = {4},
    month = {9},
    pages = {433--448},
    volume = {2},
    url = {https://www.mdpi.com/2673-3846/2/4/34},
    doi = {10.3390/hearts2040034},
    issn = {2673-3846}
}

@article{Sangha2022AutomatedSignals,
    title = {{Automated multilabel diagnosis on electrocardiographic images and signals}},
    year = {2022},
    journal = {Nature Communications},
    author = {Sangha, Veer and Mortazavi, Bobak J. and Haimovich, Adrian D. and Ribeiro, Antônio H. and Brandt, Cynthia A. and Jacoby, Daniel L. and Schulz, Wade L. and Krumholz, Harlan M. and Ribeiro, Antonio Luiz P. and Khera, Rohan},
    number = {1},
    month = {3},
    pages = {1583},
    volume = {13},
    url = {https://www.nature.com/articles/s41467-022-29153-3},
    doi = {10.1038/s41467-022-29153-3},
    issn = {2041-1723}
}

@article{Ribeiro2020AutomaticNetwork,
    title = {{Automatic diagnosis of the 12-lead ECG using a deep neural network}},
    year = {2020},
    journal = {Nature Communications},
    author = {Ribeiro, Antônio H. and Ribeiro, Manoel Horta and Paix{\~{a}}o, Gabriela M. M. and Oliveira, Derick M. and Gomes, Paulo R. and Canazart, Jéssica A. and Ferreira, Milton P. S. and Andersson, Carl R. and Macfarlane, Peter W. and Meira, Wagner and Sch{\"{o}}n, Thomas B. and Ribeiro, Antonio Luiz P.},
    number = {1},
    month = {4},
    pages = {1760},
    volume = {11},
    url = {https://www.nature.com/articles/s41467-020-15432-4},
    doi = {10.1038/s41467-020-15432-4},
    issn = {2041-1723}
}

@article{Yoon2023BimodalScalograms,
    title = {{Bimodal CNN for cardiovascular disease classification by co-training ECG grayscale images and scalograms}},
    year = {2023},
    journal = {Scientific Reports},
    author = {Yoon, Taeyoung and Kang, Daesung},
    number = {1},
    month = {2},
    pages = {2937},
    volume = {13},
    url = {https://www.nature.com/articles/s41598-023-30208-8},
    doi = {10.1038/s41598-023-30208-8},
    issn = {2045-2322}
}

@article{Maron2022CatsFar,
    title = {{Cats Have Nine Lives but This Hypertrophic Cardiomyopathy Patient Has Had Ten (So Far)}},
    year = {2022},
    journal = {The American Journal of Cardiology},
    author = {Maron, Barry J. and Rowin, Ethan J. and Madias, Christopher and Dolan, Noreen and Maron, Martin S.},
    month = {4},
    pages = {163--165},
    volume = {168},
    url = {https://pubmed.ncbi.nlm.nih.gov/35131099/},
    doi = {10.1016/j.amjcard.2021.12.025},
    issn = {00029149}
}

@article{Maweu2021CEFEs:Signals,
    title = {{CEFEs: A CNN Explainable Framework for ECG Signals}},
    year = {2021},
    journal = {Artificial Intelligence in Medicine},
    author = {Maweu, Barbara Mukami and Dakshit, Sagnik and Shamsuddin, Rittika and Prabhakaran, Balakrishnan},
    month = {5},
    pages = {102059},
    volume = {115},
    url = {https://cs.utdallas.edu/wp-content/uploads/2021/02/CEFEs_Revision_Manuscript_02022021.pdf},
    doi = {10.1016/j.artmed.2021.102059},
    issn = {09333657}
}

@article{Rutherford1919CollisionNitrogen,
    title = {{Collision of alpha Particles with Light Atoms. IV. An Anomalous Effect in Nitrogen}},
    year = {1919},
    journal = {Philosophical Magazine Series 6},
    author = {Rutherford, Ernest},
    pages = {581--587},
    volume = {37},
    url = {https://www.tandfonline.com/doi/abs/10.1080/14786431003659230}
}

@article{Rutherford2010CollisionNitrogen,
    title = {{Collision of {$\alpha$} particles with light atoms. IV. An anomalous effect in nitrogen}},
    year = {2010},
    journal = {Philosophical Magazine},
    author = {Rutherford, E.},
    number = {sup1},
    month = {2},
    pages = {31--37},
    volume = {90},
    doi = {10.1080/14786431003659230},
    issn = {1478-6435}
}

@article{Ganesh2021CombiningDigitization.,
    title = {{Combining Optical Character Recognition With Paper ECG Digitization.}},
    year = {2021},
    journal = {IEEE journal of translational engineering in health and medicine},
    author = {Ganesh, Shambavi and Bhatti, Pamela T and Alkhalaf, Mhmtjamil and Gupta, Shishir and Shah, Amit J and Tridandapani, Srini},
    pages = {1900309},
    volume = {9},
    url = {https://www.ncbi.nlm.nih.gov/pmc/articles/PMC8248903/},
    doi = {10.1109/JTEHM.2021.3083482},
    issn = {2168-2372},
    pmid = {34235006}
}

@misc{Johnston2022ComputerDiagnosis,
    title = {{Computer Vision ECG Diagnosis}},
    year = {2022},
    author = {Johnston, Robert},
    month = {4},
    url = {https://github.com/robertej19/MLEKG},
    address = {Cambridge}
}

@article{Schlapfer2017Computer-InterpretedLimitations,
    title = {{Computer-Interpreted Electrocardiograms: Benefits and Limitations}},
    year = {2017},
    journal = {Journal of the American College of Cardiology},
    author = {Schl{\"{a}}pfer, Jürg and Wellens, Hein J.},
    number = {9},
    month = {8},
    pages = {1183--1192},
    volume = {70},
    url = {https://www.sciencedirect.com/science/article/pii/S0735109717387946},
    doi = {10.1016/j.jacc.2017.07.723},
    issn = {07351097}
}

@inproceedings{Dakshit2022Core-setECG,
    title = {{Core-set Selection Using Metrics-based Explanations (CSUME) for multiclass ECG}},
    year = {2022},
    booktitle = {2022 IEEE 10th International Conference on Healthcare Informatics (ICHI)},
    author = {Dakshit, Sagnik and Maweu, Barbara Mukami and Dakshit, Sristi and Prabhakaran, Balakrishnan},
    month = {6},
    pages = {217--225},
    publisher = {IEEE},
    url = {https://arxiv.org/ftp/arxiv/papers/2205/2205.14508.pdf},
    isbn = {978-1-6654-6845-9},
    doi = {10.1109/ICHI54592.2022.00041}
}

@article{Darmawahyuni2022DeepClassification,
    title = {{Deep learning-based electrocardiogram rhythm and beat features for heart abnormality classification}},
    year = {2022},
    journal = {PeerJ Computer Science},
    author = {Darmawahyuni, Annisa and Nurmaini, Siti and Rachmatullah, Muhammad Naufal and Tutuko, Bambang and Sapitri, Ade Iriani and Firdaus, Firdaus and Fansyuri, Ahmad and Predyansyah, Aldi},
    month = {1},
    pages = {e825},
    volume = {8},
    url = {https://www.ncbi.nlm.nih.gov/pmc/articles/PMC8802771/},
    doi = {10.7717/peerj-cs.825},
    issn = {2376-5992}
}

@article{Lee2019DesignBeam,
    title = {{Design and operation of a windowless gas target internal to a solenoidal magnet for use with a megawatt electron beam}},
    year = {2019},
    journal = {Nuclear Instruments and Methods in Physics Research, Section A: Accelerators, Spectrometers, Detectors and Associated Equipment},
    author = {Lee, S. and Corliss, R. and Fri{\v{s}}{\v{c}}i{\'{c}}, I. and Alarcon, R. and Aulenbacher, S. and Balewski, J. and Benson, S. and Bernauer, J.C. and Bessuille, J. and Boyce, J. and Coleman, J. and Douglas, D. and Epstein, C.S. and Fisher, P. and Frierson, S. and Gar{\c{c}}on, M. and Grames, J. and Hasell, D. and Hernandez-Garcia, C. and Ihloff, E. and Johnston, R. and Jordan, K. and Kazimi, R. and Kelsey, J. and Kohl, M. and Liyanage, A. and McCaughan, M. and Milner, R.G. and Moran, P. and Nazeer, J. and Palumbo, D. and Poelker, M. and Randall, G. and Steadman, S.G. and Tennant, C. and Tschal{\"{a}}r, C. and Vidal, C. and Vogel, C. and Wang, Y. and Zhang, S.},
    number = {},
    volume = {939},
    doi = {10.1016/j.nima.2019.05.071},
    issn = {01689002},
    keywords = {COMSOL, Dark photon, DarkLight, Windowless gas target}
}

@article{Poon2005DiagnosticAlgorithm,
    title = {{Diagnostic performance of a computer-based ECG rhythm algorithm}},
    year = {2005},
    journal = {Journal of Electrocardiology},
    author = {Poon, Kimble and Okin, Peter M. and Kligfield, Paul},
    number = {3},
    month = {7},
    pages = {235--238},
    volume = {38},
    url = {https://www.sciencedirect.com/science/article/abs/pii/S0022073605000488},
    doi = {10.1016/j.jelectrocard.2005.01.008},
    issn = {00220736}
}

@article{Taback1959DigitalComputer,
    title = {{Digital Recording of Electrocardiographic Data for Analysis by a Digital Computer}},
    year = {1959},
    journal = {IRE Transactions on Medical Electronics},
    author = {Taback, L. and Marden, E. and Mason, H. L. and Pipberger, H. V.},
    number = {3},
    month = {9},
    pages = {167--171},
    volume = {ME-6},
    url = {https://ieeexplore.ieee.org/document/5007946},
    doi = {10.1109/IRET-ME.1959.5007946},
    issn = {0097-1049}
}

@inproceedings{Kachuee2018ECGRepresentation,
    title = {{ECG Heartbeat Classification: A Deep Transferable Representation}},
    year = {2018},
    booktitle = {2018 IEEE International Conference on Healthcare Informatics (ICHI)},
    author = {Kachuee, Mohammad and Fazeli, Shayan and Sarrafzadeh, Majid},
    month = {6},
    pages = {443--444},
    publisher = {IEEE},
    url = {https://arxiv.org/pdf/1805.00794.pdf},
    isbn = {978-1-5386-5377-7},
    doi = {10.1109/ICHI.2018.00092}
}

@inproceedings{Hossain2021ECG-Adv-GAN:Networks,
    title = {{ECG-Adv-GAN: Detecting ECG Adversarial Examples with Conditional Generative Adversarial Networks}},
    year = {2021},
    booktitle = {2021 20th IEEE International Conference on Machine Learning and Applications (ICMLA)},
    author = {Hossain, Khondker Fariha and Kamran, Sharif Amit and Tavakkoli, Alireza and Pan, Lei and Ma, Xingjun and Rajasegarar, Sutharshan and Karmaker, Chandan},
    month = {12},
    pages = {50--56},
    publisher = {IEEE},
    url = {https://arxiv.org/pdf/2107.07677.pdf},
    isbn = {978-1-6654-4337-1},
    doi = {10.1109/ICMLA52953.2021.00016}
}

@misc{dy19012020ECG_Plot,
    title = {{ECG{\_}Plot}},
    year = {2020},
    author = {{dy1901} and {Bsingstad} and {Deracco} and {Temirgali}},
    url = {https://pypi.org/project/ecg-plot/}
}

@article{McAllister1956ElasticParticle,
    title = {{Elastic Scattering of 188 -MeV Electrons from the Proton and the Alpha Particle}},
    year = {1956},
    journal = {Physical Review},
    author = {McAllister, R. W. and Hofstadter, R.},
    month = {3},
    pages = {851--856},
    volume = {102}
}

@article{Kwon2018ElectrocardiogramAnalysis,
    title = {{Electrocardiogram Sampling Frequency Range Acceptable for Heart Rate Variability Analysis}},
    year = {2018},
    journal = {Healthcare Informatics Research},
    author = {Kwon, Ohhwan and Jeong, Jinwoo and Kim, Hyung Bin and Kwon, In Ho and Park, Song Yi and Kim, Ji Eun and Choi, Yuri},
    number = {3},
    pages = {198},
    volume = {24},
    url = {https://www.ncbi.nlm.nih.gov/pmc/articles/PMC6085204/},
    doi = {10.4258/hir.2018.24.3.198},
    issn = {2093-3681}
}

@article{Bedlinskiy2014ExclusiveAl.,
    title = {{Exclusive {$\pi$}0 electroproduction at W>2 GeV with clas exclusive {$\pi$}0 electroproduction at W>2 ⋯ I. BEDLINSKIY et al.}},
    year = {2014},
    journal = {Physical Review C - Nuclear Physics},
    author = {Bedlinskiy, I. and Kubarovsky, V. and Niccolai, S. and Stoler, P. and Adhikari, K. P. and Anderson, M. D. and Anefalos Pereira, S. and Avakian, H. and Ball, J. and Baltzell, N. A. and Battaglieri, M. and Batourine, V. and Biselli, A. S. and Boiarinov, S. and Bono, J. and Briscoe, W. J. and Brooks, W. K. and Burkert, V. D. and Carman, D. S. and Celentano, A. and Chandavar, S. and Colaneri, L. and Cole, P. L. and Contalbrigo, M. and Cortes, O. and Crede, V. and D'Angelo, A. and Dashyan, N. and De Vita, R. and De Sanctis, E. and Deur, A. and Djalali, C. and Doughty, D. and Dupre, R. and Egiyan, H. and El Alaoui, A. and El Fassi, L. and Elouadrhiri, L. and Eugenio, P. and Fedotov, G. and Fegan, S. and Fleming, J. A. and Forest, T. A. and Garillon, B. and Gar{\c{c}}on, M. and Gavalian, G. and Gevorgyan, N. and Ghandilyan, Y. and Gilfoyle, G. P. and Giovanetti, K. L. and Girod, F. X. and Golovatch, E. and Gothe, R. W. and Griffioen, K. A. and Guegan, B. and Guo, L. and Hafidi, K. and Hakobyan, H. and Harrison, N. and Hattawy, M. and Hicks, K. and Holtrop, M. and Ireland, D. G. and Ishkhanov, B. S. and Isupov, E. L. and Jenkins, D. and Jo, H. S. and Joo, K. and Keller, D. and Khandaker, M. and Kim, A. and Kim, W. and Klein, A. and Klein, F. J. and Koirala, S. and Kuhn, S. E. and Kuleshov, S. V. and Lenisa, P. and Levine, W. I. and Livingston, K. and Lu, H. Y. and Macgregor, I. J.D. and Markov, N. and Mayer, M. and McKinnon, B. and Mirazita, M. and Mokeev, V. and Montgomery, R. A. and Moody, C. I. and Moutarde, H. and Movsisyan, A. and Munoz Camacho, C. and Nadel-Turonski, P. and Niculescu, I. and Osipenko, M. and Ostrovidov, A. I. and Pappalardo, L. L. and Park, K. and Park, S. and Pasyuk, E. and Phelps, E. and Phelps, W. and Phillips, J. J. and Pisano, S. and Pogorelko, O. and Price, J. W. and Prok, Y. and Protopopescu, D. and Procureur, S. and Puckett, A. J.R. and Raue, B. A. and Ripani, M. and Ritchie, B. G. and Rizzo, A. and Rossi, P. and Roy, P. and Sabati{\'{e}}, F. and Salgado, C. and Schott, D. and Schumacher, R. A. and Seder, E. and Senderovich, I. and Sharabian, Y. G. and Simonyan, A. and Smith, G. D. and Sober, D. I. and Sokhan, D. and Stepanyan, S. S. and Strauch, S. and Sytnik, V. and Tang, W. and Tian, Ye and Ungaro, M. and Vlassov, A. V. and Voskanyan, H. and Voutier, E. and Walford, N. K. and Watts, D. and Wei, X. and Weinstein, L. B. and Yurov, M. and Zachariou, N. and Zana, L. and Zhang, J. and Zhao, Z. W. and Zonta, I.},
    number = {2},
    volume = {90},
    url = {https://journals.aps.org/prc/abstract/10.1103/PhysRevC.90.025205 https://arxiv.org/pdf/1405.0988.pdf},
    doi = {10.1103/PhysRevC.90.025205},
    issn = {1089490X}
}

@article{Chen2015ExpansionMicroscopy,
    title = {{Expansion microscopy}},
    year = {2015},
    journal = {Science},
    author = {Chen, Fei and Tillberg, Paul W. and Boyden, Edward S.},
    number = {6221},
    month = {1},
    pages = {543--548},
    volume = {347},
    url = {https://www.science.org/doi/10.1126/science.1260088},
    doi = {10.1126/science.1260088},
    issn = {0036-8075}
}

@article{Diehl2020ExtractionKinematics,
    title = {{Extraction of Beam-Spin Asymmetries from the Hard Exclusive <math display="inline"> <msup> <mi>{$\pi$}</mi> <mo>+</mo> </msup> </math> Channel off Protons in a Wide Range of Kinematics}},
    year = {2020},
    journal = {Physical Review Letters},
    author = {Diehl, S. and Joo, K. and Kim, A. and Avakian, H. and Kroll, P. and Park, K. and Riser, D. and Semenov-Tian-Shansky, K. and Tezgin, K. and Adhikari, K. P. and Adhikari, S. and Amaryan, M. J. and Angelini, G. and Asryan, G. and Atac, H. and Barion, L. and Battaglieri, M. and Bedlinskiy, I. and Benmokhtar, F. and Bianconi, A. and Biselli, A. S. and Boss{\`{u}}, F. and Boiarinov, S. and Briscoe, W. J. and Brooks, W. K. and Bulumulla, D. and Burkert, V. D. and Carman, D. S. and Carvajal, J. C. and Celentano, A. and Chatagnon, P. and Chetry, T. and Ciullo, G. and Clark, L. and Cole, P. L. and Contalbrigo, M. and Crede, V. and D’Angelo, A. and Dashyan, N. and De Vita, R. and Defurne, M. and Deur, A. and Dilks, C. and Djalali, C. and Dupre, R. and Egiyan, H. and Ehrhart, M. and El Alaoui, A. and El Fassi, L. and Eugenio, P. and Filippi, A. and Forest, T. A. and Ghandilyan, Y. and Gilfoyle, G. P. and Giovanetti, K. L. and Girod, F. X. and Glazier, D. I. and Golovatch, E. and Gothe, R. W. and Griffioen, K. A. and Guidal, M. and Guo, L. and Hakobyan, H. and Harrison, N. and Hattawy, M. and Hayward, T. B. and Heddle, D. and Hicks, K. and Holtrop, M. and Ilieva, Y. and Ireland, D. G. and Ishkhanov, B. S. and Isupov, E. L. and Jenkins, D. and Jo, H. S. and Joosten, S. and Keller, D. and Khachatryan, M. and Khanal, A. and Khandaker, M. and Kim, C. W. and Kim, W. and Kubarovsky, V. and Kuhn, S. E. and Lanza, L. and Leali, M. and Lenisa, P. and Livingston, K. and MacGregor, I. J. D. and Marchand, D. and Markov, N. and Marsicano, L. and Mascagna, V. and McKinnon, B. and Meziani, Z. E. and Mineeva, T. and Mirazita, M. and Mokeev, V. and Munoz Camacho, C. and Nadel-Turonski, P. and Niculescu, G. and Osipenko, M. and Paolone, M. and Pappalardo, L. L. and Pasyuk, E. and Phelps, W. and Pogorelko, O. and Price, J. W. and Prok, Y. and Raue, B. A. and Ripani, M. and Rizzo, A. and Rossi, P. and Rowley, J. and Sabati{\'{e}}, F. and Salgado, C. and Schmidt, A. and Schumacher, R. A. and Sharabian, Y. G. and Shrestha, U. and Soto, O. and Sparveris, N. and Stepanyan, S. and Stoler, P. and Strakovsky, I. I. and Strauch, S. and Tan, J. A. and Tyler, N. and Ungaro, M. and Venturelli, L. and Voskanyan, H. and Voutier, E. and Watts, D. P. and Wei, X. and Wood, M. H. and Zachariou, N. and Zhang, J. and Zhao, Z. W.},
    number = {18},
    month = {10},
    pages = {182001},
    volume = {125},
    url = {https://journals.aps.org/prl/abstract/10.1103/PhysRevLett.125.182001 https://arxiv.org/pdf/2007.15677.pdf},
    doi = {10.1103/PhysRevLett.125.182001},
    issn = {0031-9007}
}

@book{Donnelly2017FoundationsPhysics,
    title = {{Foundations of Nuclear and Particle Physics}},
    year = {2017},
    author = {Donnelly, T. William and Formaggio, Joseph A. and Holstein, Barry R. and Milner, Richard G. and Surrow, Bernd},
    month = {2},
    publisher = {Cambridge University Press},
    isbn = {9780521765114},
    doi = {10.1017/9781139028264}
}

@article{Donnelly2023GeneralResponses,
    title = {{General tensor structure for electron scattering in terms of invariant responses}},
    year = {2023},
    journal = {Annals of Physics},
    author = {Donnelly, T.W. and Jeschonnek, Sabine and Van Orden, J.W.},
    month = {1},
    pages = {169174},
    volume = {448},
    doi = {10.1016/j.aop.2022.169174},
    issn = {00034916}
}

@incollection{Donnachie1978GeneralizedDominance,
    title = {{Generalized Vector Dominance}},
    year = {1978},
    booktitle = {Electromagnetic Interactions of Hadrons},
    author = {Donnachie, A. and Shaw, G.},
    pages = {169--194},
    publisher = {Springer US},
    address = {Boston, MA},
    doi = {10.1007/978-1-4757-0713-7{\_}3}
}

@article{Ao2023ImageDiagnosis,
    title = {{Image based deep learning in 12-lead ECG diagnosis}},
    year = {2023},
    journal = {Frontiers in Artificial Intelligence},
    author = {Ao, Raymond and He, George},
    month = {1},
    volume = {5},
    url = {https://www.frontiersin.org/articles/10.3389/frai.2022.1087370/full https://www.medrxiv.org/content/10.1101/2022.11.21.22282586v1.full.pdf},
    doi = {10.3389/frai.2022.1087370},
    issn = {2624-8212}
}

@article{Bjorken1969InelasticNucleon,
    title = {{Inelastic Electron-Proton and <math display="inline"> <mi>{$\gamma$}</mi> </math> -Proton Scattering and the Structure of the Nucleon}},
    year = {1969},
    journal = {Physical Review},
    author = {Bjorken, J. D. and Paschos, E. A.},
    number = {5},
    month = {9},
    pages = {1975--1982},
    volume = {185},
    doi = {10.1103/PhysRev.185.1975},
    issn = {0031-899X}
}

@article{Bjorken1969InelasticNucleonb,
    title = {{Inelastic Electron-Proton and gamma-Proton Scattering and the Structure of the Nucleon}},
    year = {1969},
    journal = {Physical Review},
    author = {Bjorken, J. D. and Paschos, E. A.},
    month = {5},
    pages = {1975--1982},
    volume = {185}
}

@article{Ayano2022InterpretableReview,
    title = {{Interpretable Machine Learning Techniques in ECG-Based Heart Disease Classification: A Systematic Review}},
    year = {2022},
    journal = {Diagnostics},
    author = {Ayano, Yehualashet Megersa and Schwenker, Friedhelm and Dufera, Bisrat Derebssa and Debelee, Taye Girma},
    number = {1},
    month = {12},
    pages = {111},
    volume = {13},
    url = {https://www.ncbi.nlm.nih.gov/pmc/articles/PMC9818170/},
    doi = {10.3390/diagnostics13010111},
    issn = {2075-4418}
}

@misc{Britannica2010LawProportions,
    title = {{law of multiple proportions}},
    year = {2010},
    booktitle = {Britannica},
    author = {Britannica, The Editors of Encyclopaedia},
    url = {https://www.britannica.com/science/law-of-multiple-proportions}
}

@misc{Epstein2019MeasurementMeV,
    title = {{Measurement of M{\o}ller scattering at 2.5 MeV}},
    year = {2019},
    booktitle = {arXiv},
    author = {Epstein, C.S. and Johnston, R. and Lee, S. and Bernauer, J.C. and Corliss, R. and Dow, K. and Fisher, P. and Fri{\v{s}}{\v{c}}i{\'{c}}, I. and Hasell, D. and Milner, R.G. and Moran, P. and Steadman, S.G. and Wang, Y. and Dodge, J. and Ihloff, E. and Kelsey, J. and Vidal, C. and Cooke, C.M.},
    number = {},
    volume = {}
}

@article{Epstein2020MeasurementAl.,
    title = {{Measurement of M{\o}ller scattering at 2.5 MeV MEASUREMENT of M{\O}LLER SCATTERING at 2.5 MEV EPSTEIN C. S. et al.}},
    year = {2020},
    journal = {Physical Review D},
    author = {Epstein, C.S. and Johnston, R. and Lee, S. and Bernauer, J.C. and Corliss, R. and Dow, K. and Fisher, P. and Fri{\v{s}}{\v{c}}i{\'{c}}, I. and Hasell, D. and Milner, R.G. and Moran, P. and Steadman, S.G. and Wang, Y. and Dodge, J. and Ihloff, E. and Kelsey, J. and Vidal, C. and Cooke, C.M.},
    number = {1},
    volume = {102},
    doi = {10.1103/PhysRevD.102.012006},
    issn = {24700029}
}

@article{Abt1993MeasurementHERA,
    title = {{Measurement of the proton structure function F2 (x, Q2) in the low-x region at HERA}},
    year = {1993},
    journal = {Nuclear Physics B},
    author = {Abt, I. and Ahmed, T. and Andreev, V. and Andrieu, B. and Appuhn, R.-D. and Arpagaus, M. and Babaev, A. and B{\"{a}}rwolff, H. and B{\'{a}}n, J. and Baranov, P. and Barrelet, E. and Bartel, W. and Bassler, U. and Beck, H.P. and Behrend, H.-J. and Belousov, A. and Berger, Ch. and Bergstein, H. and Bernardi, G. and Bernet, R. and Bertrand-Coremans, G. and Besan{\c{c}}on, M. and Biddulph, P. and Binder, E. and Bischoff, A. and Bizot, J.C. and Blobel, V. and Borras, K. and Bosetti, P.C. and Boudry, V. and Bourdarios, C. and Brasse, F. and Braun, U. and Braunschweig, W. and Brisson, V. and Bruncko, D. and B{\"{u}}ngener, L. and B{\"{u}}rger, J. and B{\"{u}}sser, F.W. and Buniatian, A. and Burke, S. and Buschhorn, G. and Campbell, A.J. and Carli, T. and Charles, F. and Clarke, D. and Clegg, A.B. and Colombo, M. and Coughlan, J.A. and Courau, A. and Coutures, Ch. and Cozzika, G. and Criegee, L. and Cvach, J. and Dagoret, S. and Dainton, J.B. and Danilov, M. and Dann, A.W.E. and Dau, W.D. and David, M. and Deffur, E. and Delcourt, B. and Del Buono, L. and Devel, M. and De Roeck, A. and Dingus, P. and Dollfus, C. and Dowell, J.D. and Dreis, H.B. and Drescher, A. and Duboc, J. and D{\"{u}}llmann, D. and D{\"{u}}nger, O. and Duhm, H. and Ebbinghaus, R. and Eberle, M. and Ebert, J. and Ebert, T.R. and Eckerlin, G. and Efremenko, V. and Egli, S. and Eichenberger, S. and Eichler, R. and Eisele, F. and Eisenhandler, E. and Ellis, N.N. and Ellison, R.J. and Elsen, E. and Erdmann, M. and Evrard, E. and Favart, L. and Fedotov, A. and Feeken, D. and Felst, R. and Feltesse, J. and Fensome, I.F. and Ferencei, J. and Ferrarotto, F. and Flamm, K. and Flauger, W. and Fleischer, M. and Fl{\"{u}}gge, G. and Fomenko, A. and Fominykh, B. and Forbush, M. and Form{\'{a}}nek, J. and Foster, J.M. and Franke, G. and Fretwurst, E. and Fuhrmann, P. and Gabathuler, E. and Gamerdinger, K. and Garvey, J. and Gayler, J. and Gellrich, A. and Gennis, M. and Genzel, H. and Gerhards, R. and Godfrey, L. and Goerlach, U. and Goerlich, L. and Goldberg, M. and Goodall, A.M. and Gorelov, I. and Goritchev, P. and Grab, C. and Gr{\"{a}}ssler, H. and Gr{\"{a}}ssler, R. and Greenshaw, T. and Greif, H. and Grindhammer, G. and Gruber, C. and Haack, J. and Haidt, D. and Hajduk, L. and Hamon, O. and Handschuh, D. and Hanlon, E.M. and Hapke, M. and Harjes, J. and Haydar, R. and Haynes, W.J. and Heatherington, J. and Hedberg, V. and Heinzelmann, G. and Henderson, R.C.W. and Henschel, H. and Herma, R. and Herynek, I. and Hildesheim, W. and Hill, P. and Hilton, C.D. and Hladk{\'{y}}, J. and Hoeger, K.C. and Huet, Ph. and Hufnagel, H. and Huot, N. and Ibbotson, M. and Itterbeck, H. and Jabiol, M.-A. and Jacholkowska, A. and Jacobsson, C. and Jaffre, M. and Jansen, T. and J{\"{o}}nsson, L. and Johannsen, K. and Johnson, D.P. and Johnson, L. and Jung, H. and Kalmus, P.I.P. and Kasarian, S. and Kaschowitz, R. and Kasselmann, P. and Kathage, U. and Kaufmann, H.H. and Kenyon, I.R. and Kermiche, S. and Keuker, C. and Kiesling, C. and Klein, M. and Kleinwort, C. and Knies, G. and Ko, W. and K{\"{o}}hler, T. and Kolanoski, H. and Kole, F. and Kolya, S.D. and Korbel, V. and Korn, M. and Kotska, P. and Kotelnikov, S.K. and Krasny, M.W. and Krehbiel, H. and Kr{\"{u}}cker, D. and Kr{\"{u}}ger, U. and Kubenka, J.P. and K{\"{u}}ster, H. and Kuhlen, M. and Kur{\v{c}}a, T. and Kurzh{\"{o}}fer, J. and Kuznik, B. and Lamarche, F. and Lander, R. and Landon, M.P.J. and Lange, W. and Langkau, R. and Lanius, P. and Laporte, J.F. and Lebedev, A. and Leuschner, A. and Leverenz, C. and Levonian, S. and Lewin, D. and Ley, Ch. and Lindner, A. and Lindstr{\"{o}}m, G. and Linsel, F. and Lipinski, J. and Loch, P. and Lohmander, H. and Lopez, G.C. and L{\"{u}}ers, D. and Magnussen, N. and Malinovski, E. and Mani, S. and Marage, P. and Marks, J. and Marshall, R. and Martens, J. and Martin, R. and Martyn, H.-U. and Martyniak, J. and Masson, S. and Mavroidis, A. and Maxfield, S.J. and McMahon, S.J. and Mehta, A. and Meier, K. and Mercer, D. and Merz, T. and Meyer, C.A. and Meyer, H. and Meyer, J. and Mikocki, S. and Milone, V. and Monnier, E. and Moreau, F. and Moreels, J. and Morris, J.V. and M{\"{u}}ller, K. and Mur{\'{i}}n, P. and Murray, S.A. and Nagovizin, V. and Naroska, B. and Naumann, Th. and Newton, D. and Neyret, D. and Nguyen, H.K. and Niebergall, F. and Nisius, R. and Nowak, G. and Noyes, G.W. and Nyberg, M. and Oberlack, H. and Obrock, U. and Olsson, J.E. and Orenstein, S. and Ould-Saada, F. and Pascaud, C. and Patel, G.D. and Peppel, E. and Peters, S. and Phillips, H.T. and Phillips, J.P. and Pichler, Ch. and Pilgram, W. and Pitzl, D. and Prell, S. and Prosi, R. and R{\"{a}}del, G. and Raupach, F. and Rauschnabel, K. and Reimer, P. and Reinshagen, S. and Ribarics, P. and Riech, V. and Riedlberger, J. and Riess, S. and Rietz, M. and Robertson, S.M. and Robmann, P. and Roosen, R. and Rostovtsev, A. and Royon, C. and Rudowicz, M. and Ruffer, M. and Rusakov, S. and Rybicki, K. and Sahlmann, N. and Sanchez, E. and Sankey, D.P.C. and Savitsky, M. and Schacht, P. and Schleper, P. and von Schlippe, W. and Schmidt, C. and Schmidt, D. and Schmitz, W. and Schr{\"{o}}der, V. and Schulz, M. and Schwab, B. and Schwind, A. and Scobel, W. and Seehausen, U. and Sell, R. and Semenov, A. and Shekelyan, V. and Sheviakov, I. and Shooshtari, H. and Shtarkov, L.N. and Siegmon, G. and Siewert, U. and Sirois, Y. and Skillicorn, I.O. and Smirnov, P. and Smith, J.R. and Smolik, L. and Soloviev, Y. and Spitzer, H. and Staroba, P. and Steenbock, M. and Steffen, P. and Steinberg, R. and Stella, B. and Stephens, K. and Stier, J. and St{\"{o}}sslein, U. and Strachota, J. and Straumann, U. and Struczinski, W. and Sutton, J.P. and Taylor, R.E. and Tchernyshov, V. and Thiebaux, C. and Thompson, G. and Tichomirov, I. and Tru{\"{o}}l, P. and Turnau, J. and Tutas, J. and Urban, L. and Usik, A. and Valkar, S. and Valkarova, A. and Vall{\'{e}}e, C. and van Esch, P. and Vartapetian, A. and Vazdik, Y. and Vecko, M. and Verrecchia, P. and Vick, R. and Villet, G. and Vogel, E. and Wacker, K. and Walker, I.W. and Walther, A. and Weber, G. and Wegener, D. and Wegner, A. and Wellisch, H.P. and Willard, S. and Winde, M. and Winter, G.-G. and Wolff, Th. and Womersley, L.A. and Wright, A.E. and Wulff, N. and Yiou, T.P. and {\v{Z}}{\'{a}}{\v{c}}ek, J. and Z{\'{a}}vada, P. and Zeitnitz, C. and Ziaeepour, H. and Zimmer, M. and Zimmermann, W. and Zomer, F.},
    number = {3},
    month = {10},
    pages = {515--535},
    volume = {407},
    doi = {10.1016/0550-3213(93)90090-C},
    issn = {05503213}
}

@article{Derrick1995MeasurementData,
    title = {{Measurement of the proton structure functionF 2 from the 1993 HERA data}},
    year = {1995},
    journal = {Zeitschrift f{\"{u}}r Physik C Particles and Fields},
    author = {Derrick, M. and Krakauer, D. and Magill, S. and Musgrave, B. and Repond, J. and Schlereth, J. and Stanek, R. and Talaga, R. L. and Thron, J. and Arzarello, F. and Ayad, R. and Bari, G. and Basile, M. and Bellagamba, L. and Boscherini, D. and Bruni, A. and Bruni, G. and Bruni, P. and Cara Romeo, G. and Castellini, G. and Chiarini, M. and Cifarelli, L. and Cindolo, F. and Ciralli, F. and Contin, A. and D'Auria, S. and Frasconi, F. and Giusti, P. and Iacobucci, G. and Laurenti, G. and Levi, G. and Margotti, A. and Massam, T. and Nania, R. and Nemoz, C. and Palmonari, F. and Polini, A. and Sartorelli, G. and Timellini, R. and Zamora Garcia, Y. and Zichichi, A. and Bargende, A. and Crittenden, J. and Desch, K. and Diekmann, B. and Doeker, T. and Feld, L. and Frey, A. and Geerts, M. and Geitz, G. and Grothe, M. and Hartmann, H. and Haun, D. and Heinloth, K. and Hilger, E. and Jakob, H. -P. and Katz, U. F. and Mari, S. M. and Mass, A. and Mengel, S. and Mollen, J. and Paul, E. and Rembser, Ch. and Schattevoy, R. and Schneider, J. -L. and Schramm, D. and Stamm, J. and Wedemeyer, R. and Campbell-Robson, S. and Cassidy, A. and Dyce, N. and Foster, B. and George, S. and Gilmore, R. and Heath, G. P. and Heath, H. F. and Llewellyn, T. J. and Morgado, C. J. S. and Norman, D. J. P. and O'Mara, J. A. and Tapper, R. J. and Wilson, S. S. and Yoshida, R. and Rau, R. R. and Arneodo, M. and Iannotti, L. and Schioppa, M. and Susinno, G. and Bernstein, A. and Caldwell, A. and Gialas, I. and Parsons, J. A. and Ritz, S. and Sciulli, F. and Straub, P. B. and Wai, L. and Yang, S. and Borzemski, P. and Chwastowski, J. and Eskreys, A. and Piotrzkowski, K. and Zachara, M. and Zawiejski, L. and Adamczyk, L. and Bednarek, B. and Eskreys, K. and Jele{\'{n}}, K. and Kisielewska, D. and Kowalski, T. and Rulikowska-Zar{\c{e}}bska, E. and Suszycki, L. and Zaj{\c{a}}c, J. and K{\c{e}}dzierski, T. and Kota{\'{n}}ski, A. and Przybycie{\'{n}}, M. and Bauerdick, L. A. T. and Behrens, U. and Bienlein, J. K. and B{\"{o}}ttcher, S. and Coldewey, C. and Drews, G. and Flasi{\'{n}}ski, M. and Gilkinson, D. J. and G{\"{o}}ttlicher, P. and Gutjahr, B. and Haas, T. and Hagge, L. and Hain, W. and Hasell, D. and He{\ss}ling, H. and Hultschig, H. and Iga, Y. and Joos, P. and Kasemann, M. and Klanner, R. and Koch, W. and K{\"{o}}pke, L. and K{\"{o}}tz, U. and Kowalski, H. and Kr{\"{o}}ger, W. and Kr{\"{u}}ger, J. and Labs, J. and Ladage, A. and L{\"{o}}hr, B. and L{\"{o}}we, M. and L{\"{u}}ke, D. and Mainusch, J. and Ma{\'{n}}czak, O. and Ng, J. S. T. and Nickel, S. and Notz, D. and Ohrenberg, K. and Roco, M. and Rohde, M. and Rold{\'{a}}n, J. and Schneekloth, U. and Schulz, W. and Selonke, F. and Stiliaris, E. and Vo{\ss}, T. and Westphal, D. and Wolf, G. and Youngman, C. and Grabosch, H. J. and Leich, A. and Meyer, A. and Rethfeldt, C. and Schlenstedt, S. and Barbagli, G. and Pelfer, P. and Anzivino, G. and Maccarrone, G. and Pasquale, S. and Qian, S. and Votano, L. and Bamberger, A. and Freidhof, A. and Poser, T. and S{\"{o}}ldner-Rembold, S. and Schroeder, J. and Theisen, G. and Trefzger, T. and Brook, N. H. and Bussey, P. J. and Doyle, A. T. and Fleck, I. and Jamieson, V. A. and Saxon, D. H. and Utley, M. L. and Wilson, A. S. and Dannemann, A. and Holm, U. and Horstmann, D. and Kammerlocher, H. and Krebs, B. and Neumann, T. and Sinkus, R. and Wick, K. and Badura, E. and Burow, B. D. and F{\"{u}}rtjes, A. and Lohrmann, E. and Milewski, J. and Nakahata, M. and Pavel, N. and Poelz, G. and Schott, W. and Terron, J. and Zetsche, F. and Bacon, T. C. and Beuselinck, R. and Butterworth, I. and Gallo, E. and Harris, V. L. and Hung, B. H. and Long, K. R. and Miller, D. B. and Morawitz, P. P. O. and Prinias, A. and Sedgbeer, J. K. and Whitfield, A. F. and Mallik, U. and McCliment, E. and Wang, M. Z. and Zhang, Y. and Cloth, P. and Filges, D. and An, S. H. and Hong, S. M. and Nam, S. W. and Park, S. K. and Suh, M. H. and Yon, S. H. and Imlay, R. and Kartik, S. and Kim, H. -J. and McNeil, R. R. and Metcalf, W. and Nadendla, V. K. and Barreiro, F. and Cases, G. and Graciani, R. and Hern{\'{a}}ndez, J. M. and Herv{\'{a}}s, L. and Labarga, L. and Peso, J. and Puga, J. and Troc{\'{o}}niz, J. F. and Ikraiam, F. and Mayer, J. K. and Smith, G. R. and Corriveau, F. and Hanna, D. S. and Hartmann, J. and Hung, L. W. and Lim, J. N. and Matthews, C. G. and Mitchell, J. W. and Patel, P. M. and Sinclair, L. E. and Stairs, D. G. and St. Laurent, M. and Ullmann, R. and Bashkirov, V. and Dolgoshein, B. A. and Stifutkin, A. and Bashindzhagyan, G. L. and Ermolov, P. F. and Gladilin, L. K. and Golubkov, Y. A. and Kobrin, V. D. and Kuzmin, V. A. and Proskuryakov, A. S. and Savin, A. A. and Shcheglova, L. M. and Solomin, A. N. and Zotov, N. P. and Bentvelsen, S. and Botje, M. and Chlebana, F. and Dake, A. and Engelen, J. and Jong, P. and Kamps, M. and Kooijman, P. and Kruse, A. and O'Dell, V. and Tenner, A. and Tiecke, H. and Verkerke, W. and Vreeswijk, M. and Wiggers, L. and Wolf, E. and Woudenberg, R. and Acosta, D. and Bylsma, B. and Durkin, L. S. and Honscheid, K. and Li, C. and Ling, T. Y. and McLean, K. W. and Murray, W. N. and Park, I. H. and Romanowski, T. A. and Seidlein, R. and Bailey, D. S. and Blair, G. A. and Byrne, A. and Cashmore, R. J. and Cooper-Sarkar, A. M. and Daniels, D. and Devenish, R. C. E. and Harnew, N. and Lancaster, M. and Luffman, P. E. and Lindemann, L. and McFall, J. and Nath, C. and Quadt, A. and Uijterwaal, H. and Walczak, R. and Wilson, F. F. and Yip, T. and Abbiendi, G. and Bertolin, A. and Brugnera, R. and Carlin, R. and Corso, F. and Giorgi, M. and Dosselli, U. and Gasparini, F. and Limentani, S. and Morandin, M. and Posocco, M. and Stanco, L. and Stroili, R. and Voci, C. and Bulmahn, J. and Butterworth, J. M. and Feild, R. G. and Oh, B. Y. and Whitmore, J. J. and D'Agostini, G. and Iori, M. and Marini, G. and Mattioli, M. and Nigro, A. and Tassi, E. and Hart, J. C. and McCubbin, N. A. and Prytz, K. and Shah, T. P. and Short, T. L. and Barberis, E. and Cartiglia, N. and Dubbs, T. and Heusch, C. and Hook, M. and Hubbard, B. and Lockman, W. and Rahn, J. T. and Sadrozinski, H. F. -W. and Seiden, A. and Biltzinger, J. and Seifert, R. J. and Walenta, A. H. and Zech, G. and Abramowicz, H. and Briskin, G. and Dagan, S. and Levy, A. and Hasegawa, T. and Hazumi, M. and Ishii, T. and Kuze, M. and Mine, S. and Nagasawa, Y. and Nagira, T. and Nakao, M. and Suzuki, I. and Tokushuku, K. and Yamada, S. and Yamazaki, Y. and Chiba, M. and Hamatsu, R. and Hirose, T. and Homma, K. and Kitamura, S. and Nagayama, S. and Nakamitsu, Y. and Cirio, R. and Costa, M. and Ferrero, M. I. and Lamberti, L. and Maselli, S. and Peroni, C. and Sacchi, R. and Solano, A. and Staiano, A. and Dardo, M. and Bandyopadhyay, D. and Benard, F. and Brkic, M. and Crombie, M. B. and Gingrich, D. M. and Hartner, G. F. and Joo, K. K. and Levman, G. M. and Martin, J. F. and Orr, R. S. and Sampson, C. R. and Teuscher, R. J. and Catterall, C. D. and Jones, T. W. and Kaziewicz, P. B. and Lane, J. B. and Saunders, R. L. and Shulman, J. and Blankenship, K. and Kochocki, J. and Lu, B. and Mo, L. W. and Bogusz, W. and Charchula, K. and Ciborowski, J. and Gajewski, J. and Grzelak, G. and Kasprzak, M. and Krzy{\.{z}}anowski, M. and Muchorowski, K. and Nowak, R. J. and Pawlak, J. M. and Tymieniecka, T. and Wr{\'{o}}blewski, A. K. and Zakrzewski, J. A. and {\.{Z}}arnecki, A. F. and Adamus, M. and Eisenberg, Y. and Glasman, C. and Karshon, U. and Revel, D. and Shapira, A. and Ali, I. and Behrens, B. and Dasu, S. and Fordham, C. and Foudas, C. and Goussiou, A. and Loveless, R. J. and Reeder, D. D. and Silverstein, S. and Smith, W. H. and Tsurugai, T. and Bhadra, S. and Frisken, W. R. and Furutani, K. M.},
    number = {3},
    month = {9},
    pages = {379--398},
    volume = {65},
    doi = {10.1007/BF01556128},
    issn = {0170-9739}
}

@book{Thomson2013ModernPhysics,
    title = {{Modern Particle Physics}},
    year = {2013},
    author = {Thomson, Mark},
    month = {9},
    pages = {160--204},
    publisher = {Cambridge University Press},
    isbn = {9781107034266},
    doi = {10.1017/CBO9781139525367}
}

@techreport{xu2022Mortality2021,
    title = {{Mortality in the United States, 2021}},
    year = {2022},
    author = {xu, Jiaquan and Murphy, Shelly and Kochanek, Kenneth and Arias, Elizabeth},
    month = {12},
    institution = {Centers for Disease Control and Prevention},
    address = {Atlanta, Georgia},
    doi = {10.15620/cdc:122516}
}

@article{Geiger1909OnAlpha-Particles,
    title = {{On a Diffuse Reflection of the alpha-Particles}},
    year = {1909},
    journal = {Proceedings of the Royal Society of London Series A},
    author = {Geiger, Hans and Marsden, Ernest},
    number = {557},
    pages = {495--500},
    volume = {82}
}

@article{Thomson1901OnAtoms,
    title = {{On Bodies Smaller than Atoms}},
    year = {1901},
    journal = {The Poular Science Monthly},
    author = {Thomson, J.J.},
    pages = {323--325},
    url = {https://books.google.com/books?id=3CMDAAAAMBAJ&pg=PA323#v=onepage&q&f=false}
}

@article{Hong2020OpportunitiesReview,
    title = {{Opportunities and challenges of deep learning methods for electrocardiogram data: A systematic review}},
    year = {2020},
    journal = {Computers in Biology and Medicine},
    author = {Hong, Shenda and Zhou, Yuxi and Shang, Junyuan and Xiao, Cao and Sun, Jimeng},
    month = {7},
    pages = {103801},
    volume = {122},
    url = {https://arxiv.org/pdf/2001.01550.pdf},
    doi = {10.1016/j.compbiomed.2020.103801},
    issn = {00104825}
}

@article{Berthou2018PARTONS:Software,
    title = {{PARTONS: PARtonic Tomography Of Nucleon Software}},
    year = {2018},
    journal = {The European Physical Journal C},
    author = {Berthou, B. and Binosi, D. and Chouika, N. and Colaneri, L. and Guidal, M. and Mezrag, C. and Moutarde, H. and Rodr{\'{i}}guez-Quintero, J. and Sabati{\'{e}}, F. and Sznajder, P. and Wagner, J.},
    number = {6},
    month = {6},
    pages = {478},
    volume = {78},
    doi = {10.1140/epjc/s10052-018-5948-0},
    issn = {1434-6044}
}

@article{Berthou2018PARTONS:Softwareb,
    title = {{PARTONS: PARtonic Tomography Of Nucleon Software}},
    year = {2018},
    journal = {The European Physical Journal C},
    author = {Berthou, B. and Binosi, D. and Chouika, N. and Colaneri, L. and Guidal, M. and Mezrag, C. and Moutarde, H. and Rodr{\'{i}}guez-Quintero, J. and Sabati{\'{e}}, F. and Sznajder, P. and Wagner, J.},
    number = {6},
    month = {6},
    pages = {478},
    volume = {78},
    doi = {10.1140/epjc/s10052-018-5948-0},
    issn = {1434-6044}
}

@article{Ozpolat2023PerformanceClassification,
    title = {{Performance Evaluation of Quantum-Based Machine Learning Algorithms for Cardiac Arrhythmia Classification}},
    year = {2023},
    journal = {Diagnostics},
    author = {Ozpolat, Zeynep and Karabatak, Murat},
    number = {6},
    month = {3},
    pages = {1099},
    volume = {13},
    url = {https://www.ncbi.nlm.nih.gov/pmc/articles/PMC10047100/},
    doi = {10.3390/diagnostics13061099},
    issn = {2075-4418}
}

@book{Amaldi1979Pion-electroproduction,
    title = {{Pion-electroproduction}},
    year = {1979},
    author = {Amaldi, E. and Fubini, S. and Furlan, G.},
    pages = {1--10},
    volume = {83},
    publisher = {Springer Berlin Heidelberg},
    address = {Berlin, Heidelberg},
    isbn = {978-3-540-08998-8},
    doi = {10.1007/BFb0048208}
}

@article{Chadwick1932PossibleNeutron,
    title = {{Possible Existence of a Neutron}},
    year = {1932},
    journal = {Nature},
    author = {Chadwick, J.},
    number = {3252},
    month = {2},
    pages = {312--312},
    volume = {129},
    doi = {10.1038/129312a0},
    issn = {0028-0836}
}

@article{Husek2019PreciseDecay,
    title = {{Precise Determination of the Branching Ratio of the Neutral-Pion Dalitz Decay}},
    year = {2019},
    journal = {Physical Review Letters},
    author = {Husek, Tomáš and Goudzovski, Evgueni and Kampf, Karol},
    number = {2},
    month = {1},
    pages = {022003},
    volume = {122},
    url = {https://arxiv.org/pdf/1809.01153.pdf},
    doi = {10.1103/PhysRevLett.122.022003},
    issn = {0031-9007}
}

@article{PIPBERGER1960PreparationComputer,
    title = {{Preparation of Electrocardiographic Data for Analysis by Digital Electronic Computer}},
    year = {1960},
    journal = {Circulation},
    author = {PIPBERGER, HUBERT V. and FREIS, EDWARD D. and TABACK, LEONARD and MASON, HENRY L.},
    number = {3},
    month = {3},
    pages = {413--418},
    volume = {21},
    url = {https://www.ahajournals.org/doi/10.1161/01.CIR.21.3.413},
    doi = {10.1161/01.CIR.21.3.413},
    issn = {0009-7322}
}

@article{Wagner2020PTB-XLDataset,
    title = {{PTB-XL, a large publicly available electrocardiography dataset}},
    year = {2020},
    journal = {Scientific Data},
    author = {Wagner, Patrick and Strodthoff, Nils and Bousseljot, Ralf-Dieter and Kreiseler, Dieter and Lunze, Fatima I. and Samek, Wojciech and Schaeffter, Tobias},
    number = {1},
    month = {5},
    pages = {154},
    volume = {7},
    url = {https://physionet.org/content/ptb-xl/1.0.3/},
    doi = {10.1038/s41597-020-0495-6},
    issn = {2052-4463}
}

@article{Ortigosa2014RawFormat,
    title = {{Raw data extraction from electrocardiograms with Portable Document Format}},
    year = {2014},
    journal = {Computer Methods and Programs in Biomedicine},
    author = {Ortigosa, Nuria and Gim{\'{e}}nez, Vicente M.},
    number = {1},
    month = {1},
    pages = {284--289},
    volume = {113},
    url = {https://pubmed.ncbi.nlm.nih.gov/24210168/},
    doi = {10.1016/j.cmpb.2013.09.014},
    issn = {01692607}
}

@article{Johnston2019RealizationElectrons,
    title = {{Realization of a large-acceptance Faraday Cup for 3MeV electrons}},
    year = {2019},
    journal = {Nuclear Instruments and Methods in Physics Research, Section A: Accelerators, Spectrometers, Detectors and Associated Equipment},
    author = {Johnston, R. and Bernauer, J. and Cooke, C.M. and Corliss, R. and Epstein, C.S. and Fisher, P. and Fri{\v{s}}{\v{c}}i{\'{c}}, I. and Hasell, D. and Ihloff, E. and Kelsey, J. and Lee, S. and Milner, R.G. and Moran, P. and Steadman, S.G. and Vidal, C.},
    number = {},
    volume = {922},
    doi = {10.1016/j.nima.2018.12.080},
    issn = {01689002},
    keywords = {Beam diagnostics, Faraday cup, Van de Graaff accelerator}
}

@techreport{Patrignani2018ReviewPhysics,
    title = {{Review of Particle Physics}},
    year = {2018},
    author = {Patrignani, C. and {et al. (Particle Data Group)}},
    pages = {441 - 455},
    doi = {10.1088/1674-1137/40/10/100001}
}

@article{Zyla2020ReviewPhysics,
    title = {{Review of Particle Physics}},
    year = {2020},
    journal = {Progress of Theoretical and Experimental Physics},
    author = {Zyla, P A and Barnett, R M and Beringer, J and Dahl, O and Dwyer, D A and Groom, D E and Lin, C -J and Lugovsky, K S and Pianori, E and Robinson, D J and Wohl, C G and Yao, W -M and Agashe, K and Aielli, G and Allanach, B C and Amsler, C and Antonelli, M and Aschenauer, E C and Asner, D M and Baer, H and Banerjee, Sw and Baudis, L and Bauer, C W and Beatty, J J and Belousov, V I and Bethke, S and Bettini, A and Biebel, O and Black, K M and Blucher, E and Buchmuller, O and Burkert, V and Bychkov, M A and Cahn, R N and Carena, M and Ceccucci, A and Cerri, A and Chakraborty, D and Chivukula, R Sekhar and Cowan, G and D'Ambrosio, G and Damour, T and de Florian, D and de Gouv{\^{e}}a, A and DeGrand, T and de Jong, P and Dissertori, G and Dobrescu, B A and D'Onofrio, M and Doser, M and Drees, M and Dreiner, H K and Eerola, P and Egede, U and Eidelman, S and Ellis, J and Erler, J and Ezhela, V V and Fetscher, W and Fields, B D and Foster, B and Freitas, A and Gallagher, H and Garren, L and Gerber, H -J and Gerbier, G and Gershon, T and Gershtein, Y and Gherghetta, T and Godizov, A A and Gonzalez-Garcia, M C and Goodman, M and Grab, C and Gritsan, A V and Grojean, C and Gr{\"{u}}newald, M and Gurtu, A and Gutsche, T and Haber, H E and Hanhart, C and Hashimoto, S and Hayato, Y and Hebecker, A and Heinemeyer, S and Heltsley, B and Hern{\'{a}}ndez-Rey, J J and Hikasa, K and Hisano, J and H{\"{o}}cker, A and Holder, J and Holtkamp, A and Huston, J and Hyodo, T and Johnson, K F and Kado, M and Karliner, M and Katz, U F and Kenzie, M and Khoze, V A and Klein, S R and Klempt, E and Kowalewski, R V and Krauss, F and Kreps, M and Krusche, B and Kwon, Y and Lahav, O and Laiho, J and Lellouch, L P and Lesgourgues, J and Liddle, A R and Ligeti, Z and Lippmann, C and Liss, T M and Littenberg, L and Lourengo, C and Lugovsky, S B and Lusiani, A and Makida, Y and Maltoni, F and Mannel, T and Manohar, A V and Marciano, W J and Masoni, A and Matthews, J and Mei{\ss}ner, U -G and Mikhasenko, M and Miller, D J and Milstead, D and Mitchell, R E and M{\"{o}}nig, K and Molaro, P and Moortgat, F and Moskovic, M and Nakamura, K and Narain, M and Nason, P and Navas, S and Neubert, M and Nevski, P and Nir, Y and Olive, K A and Patrignani, C and Peacock, J A and Petcov, S T and Petrov, V A and Pich, A and Piepke, A and Pomarol, A and Profumo, S and Quadt, A and Rabbertz, K and Rademacker, J and Raffelt, G and Ramani, H and Ramsey-Musolf, M and Ratcliff, B N and Richardson, P and Ringwald, A and Roesler, S and Rolli, S and Romaniouk, A and Rosenberg, L J and Rosner, J L and Rybka, G and Ryskin, M and Ryutin, R A and Sakai, Y and Salam, G P and Sarkar, S and Sauli, F and Schneider, O and Scholberg, K and Schwartz, A J and Schwiening, J and Scott, D and Sharma, V and Sharpe, S R and Shutt, T and Silari, M and Sj{\"{o}}strand, T and Skands, P and Skwarnicki, T and Smoot, G F and Soffer, A and Sozzi, M S and Spanier, S and Spiering, C and Stahl, A and Stone, S L and Sumino, Y and Sumiyoshi, T and Syphers, M J and Takahashi, F and Tanabashi, M and Tanaka, J and Ta{\v{s}}evsk{\'{y}}, M and Terashi, K and Terning, J and Thoma, U and Thorne, R S and Tiator, L and Titov, M and Tkachenko, N P and Tovey, D R and Trabelsi, K and Urquijo, P and Valencia, G and Van de Water, R and Varelas, N and Venanzoni, G and Verde, L and Vincter, M G and Vogel, P and Vogelsang, W and Vogt, A and Vorobyev, V and Wakely, S P and Walkowiak, W and Walter, C W and Wands, D and Wascko, M O and Weinberg, D H and Weinberg, E J and White, M and Wiencke, L R and Willocq, S and Woody, C L and Workman, R L and Yokoyama, M and Yoshida, R and Zanderighi, G and Zeller, G P and Zenin, O V and Zhu, R -Y and Zhu, S -L and Zimmermann, F and Anderson, J and Basaglia, T and Lugovsky, V S and Schaffner, P and Zheng, W},
    number = {8},
    month = {8},
    volume = {2020},
    url = {https://pdg.lbl.gov/2020/reviews/rpp2020-rev-structure-functions.pdf},
    doi = {10.1093/ptep/ptaa104},
    issn = {2050-3911}
}

@article{Defurne2016RosenbluthSection,
    title = {{Rosenbluth Separation of the <math display="inline"> <msup> <mi>{$\pi$}</mi> <mn>0</mn> </msup> </math> Electroproduction Cross Section}},
    year = {2016},
    journal = {Physical Review Letters},
    author = {Defurne, M. and Mazouz, M. and Ahmed, Z. and Albataineh, H. and Allada, K. and Aniol, K. A. and Bellini, V. and Benali, M. and Boeglin, W. and Bertin, P. and Brossard, M. and Camsonne, A. and Canan, M. and Chandavar, S. and Chen, C. and Chen, J.-P. and de Jager, C. W. and de Leo, R. and Desnault, C. and Deur, A. and El Fassi, L. and Ent, R. and Flay, D. and Friend, M. and Fuchey, E. and Frullani, S. and Garibaldi, F. and Gaskell, D. and Giusa, A. and Glamazdin, O. and Golge, S. and Gomez, J. and Hansen, O. and Higinbotham, D. and Holmstrom, T. and Horn, T. and Huang, J. and Huang, M. and Huber, G. M. and Hyde, C. E. and Iqbal, S. and Itard, F. and Kang, Ho. and Kang, Hy. and Kelleher, A. and Keppel, C. and Koirala, S. and Korover, I. and LeRose, J. J. and Lindgren, R. and Long, E. and Magne, M. and Mammei, J. and Margaziotis, D. J. and Markowitz, P. and Mart{\'{i}} Jim{\'{e}}nez-Arg{\"{u}}ello, A. and Meddi, F. and Meekins, D. and Michaels, R. and Mihovilovic, M. and Muangma, N. and Mu{\~{n}}oz Camacho, C. and Nadel-Turonski, P. and Nuruzzaman, N. and Paremuzyan, R. and Puckett, A. and Punjabi, V. and Qiang, Y. and Rakhman, A. and Rashad, M. N. H. and Riordan, S. and Roche, J. and Russo, G. and Sabati{\'{e}}, F. and Saenboonruang, K. and Saha, A. and Sawatzky, B. and Selvy, L. and Shahinyan, A. and Sirca, S. and Solvignon, P. and Sperduto, M. L. and Subedi, R. and Sulkosky, V. and Sutera, C. and Tobias, W. A. and Urciuoli, G. M. and Wang, D. and Wojtsekhowski, B. and Yao, H. and Ye, Z. and Zana, L. and Zhan, X. and Zhang, J. and Zhao, B. and Zhao, Z. and Zheng, X. and Zhu, P.},
    number = {26},
    month = {12},
    pages = {262001},
    volume = {117},
    url = {https://journals.aps.org/prl/abstract/10.1103/PhysRevLett.117.262001 https://arxiv.org/pdf/1608.01003.pdf},
    doi = {10.1103/PhysRevLett.117.262001},
    issn = {0031-9007}
}

@article{Delaney2019SynthesisNetworks,
    title = {{Synthesis of Realistic ECG using Generative Adversarial Networks}},
    year = {2019},
    journal = {Arxiv},
    author = {Delaney, Anne Marie and Brophy, Eoin and Ward, Tomas E.},
    month = {9},
    url = {https://arxiv.org/pdf/1909.09150.pdf},
    arxivId = {https://doi.org/10.48550/arXiv.1909.09150}
}

@article{Burkert2020TheLaboratory,
    title = {{The CLAS12 Spectrometer at Jefferson Laboratory}},
    year = {2020},
    journal = {Nuclear Instruments and Methods in Physics Research, Section A: Accelerators, Spectrometers, Detectors and Associated Equipment},
    author = {Burkert, V.D. and Elouadrhiri, L. and Adhikari, K.P. and Adhikari, S. and Amaryan, M.J. and Anderson, D. and Angelini, G. and Antonioli, M. and Atac, H. and Aune, S. and Avakian, H. and Gayoso, C.A. and Baltzell, N. and Barion, L. and Battaglieri, M. and Baturin, V. and Bedlinskiy, I. and Benmokhtar, F. and Bianconi, A. and Biselli, A.S. and Bonneau, P. and Boss{\`{u}}, F. and Boyarinov, S. and Briscoe, W.J. and Brooks, W.K. and Bruhwel, K. and Carman, D.S. and Celentano, A. and Charles, G. and Chatagnon, P. and Chetry, T. and Christiaens, G. and Christo, S. and Ciullo, G. and Clary, B.A. and Cole, P.L. and Contalbrigo, M. and Cook, M. and Crede, V. and Cruz-Torres, R. and Cuevas, C. and D'Angelo, A. and Dashyan, N. and Defurne, M. and Deur, A. and De Vita, R. and Diehl, S. and Djalali, C. and Dodge, G. and Dupre, R. and Ehrhart, M. and El Fassi, L. and Eng, B. and Ewing, T. and Fair, R. and Fedotov, G. and Filippi, A. and Forest, T.A. and Gar{\c{c}}on, M. and Gavalian, G. and Ghoshal, P. and Gilfoyle, G.P. and Giovanetti, K. and Girod, F.X. and Glazier, D.I. and Golovatch, E. and Gothe, R.W. and Gotra, Y. and Griffioen, K.A. and Guidal, M. and Gyurjyan, V. and Hafidi, K. and Hakobyan, H. and Hanretty, C. and Harrison, N. and Hattawy, M. and Hauenstein, F. and Hayward, T.B. and Heddle, D. and Hemler, P. and Hen, O.A. and Hicks, K. and Hobart, A. and Hogan, J. and Holtrop, M. and Ilieva, Y. and Illari, I. and Insley, D. and Ireland, D.G. and Ishkhanov, B.S. and Isupov, E.L. and Jacobs, G. and Jo, H.S. and Johnston, R. and Joo, K. and Joosten, S. and Kageya, T. and Kashy, D. and Keith, C. and Keller, D. and Khachatryan, M. and Khanal, A. and Kim, A. and Kim, C.W. and Kim, W. and Kubarovsky, V. and Kuhn, S.E. and Lanza, L. and Leffel, M. and Lucherini, V. and Lung, A. and Kabir, M.L. and Leali, M. and Lee, S. and Lenisa, P. and Livingston, K. and Lowry, M. and MacGregor, I.J.D. and Mandjavidze, I. and Marchand, D. and Markov, N. and Mascagna, V. and McKinnon, B. and McMullen, M. and Mealer, C. and Mestayer, M.D. and Meziani, Z.E. and Miller, R. and Milner, R.G. and Mineeva, T. and Mirazita, M. and Mokeev, V. and Moran, P. and Movsisyan, A. and Camacho, C.M. and Naidoo, P. and Nanda, S. and Newton, J. and Niccolai, S. and Niculescu, G. and Osipenko, M. and Paolone, M. and Pappalardo, L.L. and Paremuzyan, R. and Pastor, O. and Pasyuk, E. and Phelps, W. and Pogorelko, O. and Poudel, J. and Price, J.W. and Price, K. and Procureur, S. and Prok, Y. and Protopopescu, D. and Rajput-Ghoshal, R. and Raue, B.A. and Raydo, B. and Ripani, M. and Ritman, J. and Rizzo, A. and Rosner, G. and Rossi, P. and Rowley, J. and Roy, B.J. and Sabati{\'{e}}, F. and Salgado, C. and Schadmand, S. and Schmidt, A. and Segarra, E.P. and Sergeyeva, V. and Sharabian, Y.G. and Shrestha, U. and Skorodumina, I. and Smith, G.D. and Smith, L.C. and Sokhan, D. and Soto, O. and {N.Sparveris} and Stepanyan, S. and Stoler, P. and Strauch, S. and Tan, J.A. and Taylor, M. and Tilles, D. and Turisini, M. and Tyler, N. and Ungaro, M. and Venturelli, L. and Voskanyan, H. and Voutier, E. and Watts, D. and Wei, X. and Weinstein, L.B. and Wiggins, C. and Wiseman, M. and Wood, M.H. and Yegneswaran, A. and Young, G. and Zachariou, N. and Zarecky, M. and Zhang, J. and Zhao, Z.W. and Ziegler, V.},
    number = {},
    volume = {959},
    doi = {10.1016/j.nima.2020.163419},
    issn = {01689002},
    keywords = {CLAS12, Electromagnetic physics, Large acceptance, Luminosity, Magnetic spectrometer}
}

@article{Zhu2015TheMicroscopy,
    title = {{The future of electron microscopy}},
    year = {2015},
    journal = {Physics Today},
    author = {Zhu, Yimei and D{\"{u}}rr, Hermann},
    number = {4},
    month = {4},
    pages = {32--38},
    volume = {68},
    url = {https://physicstoday.scitation.org/doi/10.1063/PT.3.2747},
    doi = {10.1063/PT.3.2747},
    issn = {0031-9228}
}

@article{Rutherford1911TheAtom,
    title = {{The Scattering of Alpha and Beta Particles by Matter and the Structure of the Atom}},
    year = {1911},
    journal = {Philosophical Magazine Series 6},
    author = {Rutherford, Ernest},
    number = {},
    pages = {669--688},
    volume = {21}
}

@book{ThomasMcEvilley2002THePhilosophies,
    title = {{THe Shape of Ancient Thought: Comparative Studies in Greek and Indian Philosophies}},
    year = {2002},
    author = {{Thomas McEvilley}},
    publisher = {Allworth Press},
    address = {New York},
    isbn = {978-0-8020-4390-0}
}

@article{Morin2016TheTreatment,
    title = {{The State of the Art: Atrial Fibrillation Epidemiology, Prevention, and Treatment}},
    year = {2016},
    journal = {Mayo Clinic Proceedings},
    author = {Morin, Daniel P. and Bernard, Michael L. and Madias, Christopher and Rogers, Paul A. and Thihalolipavan, Sudarone and Estes, N.A. Mark},
    number = {12},
    month = {12},
    pages = {1778--1810},
    volume = {91},
    url = {https://pubmed.ncbi.nlm.nih.gov/27825618/},
    doi = {10.1016/j.mayocp.2016.08.022},
    issn = {00256196}
}

@article{Dreschsel1992ThresholdNucleons,
    title = {{Threshold pion photoproduction on nucleons}},
    year = {1992},
    journal = {Journal of Physics G: Nuclear and Particle Physics},
    author = {Dreschsel, D and Tiator, L},
    number = {3},
    month = {3},
    pages = {449--497},
    volume = {18},
    url = {https://iopscience.iop.org/article/10.1088/0954-3899/18/3/004/pdf},
    doi = {10.1088/0954-3899/18/3/004},
    issn = {0954-3899}
}

@techreport{Goodfellow2018TowardsMappings,
    title = {{Towards Understanding ECG Rhythm Classification Using Convolutional Neural Networks and Attention Mappings ECG Classification Using Convolutional Neural Networks and Attention Mappings}},
    year = {2018},
    booktitle = {Proceedings of Machine Learning Research},
    author = {Goodfellow, Sebastian D and Goodwin, Andrew and Greer, Robert and Laussen, Peter C and Eytan, Danny and Goodfellow, S D and Goodwin, A and Greer, R and Laussen, P C and Mazwi, M and Eytan, D},
    pages = {1--18},
    volume = {85},
    url = {http://proceedings.mlr.press/v85/goodfellow18a/goodfellow18a.pdf}
}

@book{Williams2009TransmissionMicroscopy,
    title = {{Transmission Electron Microscopy}},
    year = {2009},
    author = {Williams, David B. and Carter, C. Barry},
    publisher = {Springer US},
    url = {https://link.springer.com/book/10.1007/978-0-387-76501-3},
    address = {Boston, MA},
    isbn = {978-0-387-76500-6},
    doi = {10.1007/978-0-387-76501-3}
}

@article{Feynman1969VeryHadrons,
    title = {{Very High-Energy Collisions of Hadrons}},
    year = {1969},
    journal = {Physical Review Letters},
    author = {Feynman, Richard P.},
    number = {24},
    month = {12},
    pages = {1415--1417},
    volume = {23},
    doi = {10.1103/PhysRevLett.23.1415},
    issn = {0031-9007}
}

@misc{Xie2023WaveformWFDB,
    title = {{Waveform Database Software Package (WFDB)}},
    year = {2023},
    author = {Xie, C. and mcCullum, L. and Johnson, A. and Pollard, T. and Gow, B. and Moody, B.},
    url = {https://physionet.org/content/wfdb-python/4.1.0/}
}

@book{WorldHealthOrganization2022WorldSDGs,
    title = {{World Health Statistics 2022: Monitoring Health for the SDGs}},
    year = {2022},
    author = {{World Health Organization}},
    publisher = {World Health Organization},
    url = {https://www.who.int/data/gho/publications/world-health-statistics},
    address = {Geneva},
    isbn = {9789240051140}
}

@article{Broglie1924XXXV.Quanta/i,
    title = {{XXXV. <i>A tentative theory of light quanta</i>}},
    year = {1924},
    journal = {The London, Edinburgh, and Dublin Philosophical Magazine and Journal of Science},
    author = {Broglie, Louis de},
    number = {278},
    month = {2},
    pages = {446--458},
    volume = {47},
    url = {https://www.tandfonline.com/doi/full/10.1080/14786442408634378?scroll=top&needAccess=true&role=tab},
    doi = {10.1080/14786442408634378},
    issn = {1941-5982}
}