@article{Goloskokov2010,
   author = {S. V. Goloskokov and P. Kroll},
   doi = {10.1140/epjc/s10052-009-1178-9},
   issn = {1434-6044},
   issue = {1-2},
   journal = {The European Physical Journal C},
   month = {1},
   pages = {137},
   title = {An attempt to understand exclusive π + electroproduction},
   volume = {65},
   year = {2010},
}

@article{Bedlinskiy2014,
   abstract = {Exclusive neutral-pion electroproduction (ep→e′p′π0) was measured at Jefferson Lab with a 5.75-GeV electron beam and the CLAS detector. Differential cross sections d4σ/dtdQ2dxBdφπ and structure functions σT+εσL,σTT, and σLT as functions of t were obtained over a wide range of Q2 and xB. The data are compared with Regge and handbag theoretical calculations. Analyses in both frameworks find that a large dominance of transverse processes is necessary to explain the experimental results. For the Regge analysis it is found that the inclusion of vector meson rescattering processes is necessary to bring the magnitude of the calculated and measured structure functions into rough agreement. In the handbag framework, there are two independent calculations, both of which appear to roughly explain the magnitude of the structure functions in terms of transversity generalized parton distributions. © 2014 American Physical Society.},
   author = {I. Bedlinskiy and V. Kubarovsky and S. Niccolai and P. Stoler and K. P. Adhikari and M. D. Anderson and S. Anefalos Pereira and H. Avakian and J. Ball and N. A. Baltzell and M. Battaglieri and V. Batourine and A. S. Biselli and S. Boiarinov and J. Bono and W. J. Briscoe and W. K. Brooks and V. D. Burkert and D. S. Carman and A. Celentano and S. Chandavar and L. Colaneri and P. L. Cole and M. Contalbrigo and O. Cortes and V. Crede and A. D'Angelo and N. Dashyan and R. De Vita and E. De Sanctis and A. Deur and C. Djalali and D. Doughty and R. Dupre and H. Egiyan and A. El Alaoui and L. El Fassi and L. Elouadrhiri and P. Eugenio and G. Fedotov and S. Fegan and J. A. Fleming and T. A. Forest and B. Garillon and M. Garçon and G. Gavalian and N. Gevorgyan and Y. Ghandilyan and G. P. Gilfoyle and K. L. Giovanetti and F. X. Girod and E. Golovatch and R. W. Gothe and K. A. Griffioen and B. Guegan and L. Guo and K. Hafidi and H. Hakobyan and N. Harrison and M. Hattawy and K. Hicks and M. Holtrop and D. G. Ireland and B. S. Ishkhanov and E. L. Isupov and D. Jenkins and H. S. Jo and K. Joo and D. Keller and M. Khandaker and A. Kim and W. Kim and A. Klein and F. J. Klein and S. Koirala and S. E. Kuhn and S. V. Kuleshov and P. Lenisa and W. I. Levine and K. Livingston and H. Y. Lu and I. J.D. Macgregor and N. Markov and M. Mayer and B. McKinnon and M. Mirazita and V. Mokeev and R. A. Montgomery and C. I. Moody and H. Moutarde and A. Movsisyan and C. Munoz Camacho and P. Nadel-Turonski and I. Niculescu and M. Osipenko and A. I. Ostrovidov and L. L. Pappalardo and K. Park and S. Park and E. Pasyuk and E. Phelps and W. Phelps and J. J. Phillips and S. Pisano and O. Pogorelko and J. W. Price and Y. Prok and D. Protopopescu and S. Procureur and A. J.R. Puckett and B. A. Raue and M. Ripani and B. G. Ritchie and A. Rizzo and P. Rossi and P. Roy and F. Sabatié and C. Salgado and D. Schott and R. A. Schumacher and E. Seder and I. Senderovich and Y. G. Sharabian and A. Simonyan and G. D. Smith and D. I. Sober and D. Sokhan and S. S. Stepanyan and S. Strauch and V. Sytnik and W. Tang and Ye Tian and M. Ungaro and A. V. Vlassov and H. Voskanyan and E. Voutier and N. K. Walford and D. Watts and X. Wei and L. B. Weinstein and M. Yurov and N. Zachariou and L. Zana and J. Zhang and Z. W. Zhao and I. Zonta},
   doi = {10.1103/PhysRevC.90.025205},
   issn = {1089490X},
   issue = {2},
   journal = {Physical Review C - Nuclear Physics},
   title = {Exclusive $\pi^0$ Electroproduction at W$>$2 GeV with CLAS},
   volume = {90},
   $url = {https://journals.aps.org/prc/abstract/10.1103/PhysRevC.90.025205},
   url = {https://arxiv.org/pdf/1405.0988.pdf},
   year = {2014},
}

@article{Berthou2018,
   author = {B. Berthou and D. Binosi and N. Chouika and L. Colaneri and M. Guidal and C. Mezrag and H. Moutarde and J. Rodríguez-Quintero and F. Sabatié and P. Sznajder and J. Wagner},
   doi = {10.1140/epjc/s10052-018-5948-0},
   issn = {1434-6044},
   issue = {6},
   journal = {The European Physical Journal C},
   month = {6},
   pages = {478},
   title = {PARTONS: PARtonic Tomography Of Nucleon Software},
   volume = {78},
   year = {2018},
}

