@book{C.C.W.Taylor1999Commentary,
    title = {{ The atomists, Leucippus and Democritus: fragments, a text and translation with a commentary}},
    year = {1999},
    author = {{C.C.W. Taylor}},
    pages = {157--158},
    publisher = {University of Toronto Press},
    isbn = {0-8020-4390-9}
}

@misc{Britannica2023ThomsonModel,
    title = {{"Thomson atomic model"}},
    year = {2023},
    booktitle = { Encyclopedia Britannica},
    author = {Britannica, The Editors of Encyclopaedia},
    url = {https://www.britannica.com/science/Thomson-atomic-model}
}

@book{JaumeNavarro1995AThomson,
    title = {{A History of the Electron: J.J. and G.P. Thomson}},
    year = {1995},
    author = {{Jaume Navarro}},
    publisher = {Cambridge University Press},
    isbn = {978-1-107-00522-8.}
}

@article{Goloskokov2010AnElectroproduction,
    title = {{An attempt to understand exclusive {$\pi$} + electroproduction}},
    year = {2010},
    journal = {The European Physical Journal C},
    author = {Goloskokov, S. V. and Kroll, P.},
    number = {1-2},
    month = {1},
    pages = {137},
    volume = {65},
    doi = {10.1140/epjc/s10052-009-1178-9},
    issn = {1434-6044}
}

@article{Rutherford2010CollisionNitrogen,
    title = {{Collision of {$\alpha$} particles with light atoms. IV. An anomalous effect in nitrogen}},
    year = {2010},
    journal = {Philosophical Magazine},
    author = {Rutherford, E.},
    number = {sup1},
    month = {2},
    pages = {31--37},
    volume = {90},
    doi = {10.1080/14786431003659230},
    issn = {1478-6435}
}

@article{Lee2019DesignBeam,
    title = {{Design and operation of a windowless gas target internal to a solenoidal magnet for use with a megawatt electron beam}},
    year = {2019},
    journal = {Nuclear Instruments and Methods in Physics Research, Section A: Accelerators, Spectrometers, Detectors and Associated Equipment},
    author = {Lee, S. and Corliss, R. and Fri{\v{s}}{\v{c}}i{\'{c}}, I. and Alarcon, R. and Aulenbacher, S. and Balewski, J. and Benson, S. and Bernauer, J.C. and Bessuille, J. and Boyce, J. and Coleman, J. and Douglas, D. and Epstein, C.S. and Fisher, P. and Frierson, S. and Gar{\c{c}}on, M. and Grames, J. and Hasell, D. and Hernandez-Garcia, C. and Ihloff, E. and Johnston, R. and Jordan, K. and Kazimi, R. and Kelsey, J. and Kohl, M. and Liyanage, A. and McCaughan, M. and Milner, R.G. and Moran, P. and Nazeer, J. and Palumbo, D. and Poelker, M. and Randall, G. and Steadman, S.G. and Tennant, C. and Tschal{\"{a}}r, C. and Vidal, C. and Vogel, C. and Wang, Y. and Zhang, S.},
    number = {},
    volume = {939},
    doi = {10.1016/j.nima.2019.05.071},
    issn = {01689002},
    keywords = {COMSOL, Dark photon, DarkLight, Windowless gas target}
}

@article{Bedlinskiy2014ExclusiveAl.,
    title = {{Exclusive {$\pi$}0 electroproduction at W>2 GeV with clas exclusive {$\pi$}0 electroproduction at W>2 â‹¯ I. BEDLINSKIY et al.}},
    year = {2014},
    journal = {Physical Review C - Nuclear Physics},
    author = {Bedlinskiy, I. and Kubarovsky, V. and Niccolai, S. and Stoler, P. and Adhikari, K. P. and Anderson, M. D. and Anefalos Pereira, S. and Avakian, H. and Ball, J. and Baltzell, N. A. and Battaglieri, M. and Batourine, V. and Biselli, A. S. and Boiarinov, S. and Bono, J. and Briscoe, W. J. and Brooks, W. K. and Burkert, V. D. and Carman, D. S. and Celentano, A. and Chandavar, S. and Colaneri, L. and Cole, P. L. and Contalbrigo, M. and Cortes, O. and Crede, V. and D'Angelo, A. and Dashyan, N. and De Vita, R. and De Sanctis, E. and Deur, A. and Djalali, C. and Doughty, D. and Dupre, R. and Egiyan, H. and El Alaoui, A. and El Fassi, L. and Elouadrhiri, L. and Eugenio, P. and Fedotov, G. and Fegan, S. and Fleming, J. A. and Forest, T. A. and Garillon, B. and Gar{\c{c}}on, M. and Gavalian, G. and Gevorgyan, N. and Ghandilyan, Y. and Gilfoyle, G. P. and Giovanetti, K. L. and Girod, F. X. and Golovatch, E. and Gothe, R. W. and Griffioen, K. A. and Guegan, B. and Guo, L. and Hafidi, K. and Hakobyan, H. and Harrison, N. and Hattawy, M. and Hicks, K. and Holtrop, M. and Ireland, D. G. and Ishkhanov, B. S. and Isupov, E. L. and Jenkins, D. and Jo, H. S. and Joo, K. and Keller, D. and Khandaker, M. and Kim, A. and Kim, W. and Klein, A. and Klein, F. J. and Koirala, S. and Kuhn, S. E. and Kuleshov, S. V. and Lenisa, P. and Levine, W. I. and Livingston, K. and Lu, H. Y. and Macgregor, I. J.D. and Markov, N. and Mayer, M. and McKinnon, B. and Mirazita, M. and Mokeev, V. and Montgomery, R. A. and Moody, C. I. and Moutarde, H. and Movsisyan, A. and Munoz Camacho, C. and Nadel-Turonski, P. and Niculescu, I. and Osipenko, M. and Ostrovidov, A. I. and Pappalardo, L. L. and Park, K. and Park, S. and Pasyuk, E. and Phelps, E. and Phelps, W. and Phillips, J. J. and Pisano, S. and Pogorelko, O. and Price, J. W. and Prok, Y. and Protopopescu, D. and Procureur, S. and Puckett, A. J.R. and Raue, B. A. and Ripani, M. and Ritchie, B. G. and Rizzo, A. and Rossi, P. and Roy, P. and Sabati{\'{e}}, F. and Salgado, C. and Schott, D. and Schumacher, R. A. and Seder, E. and Senderovich, I. and Sharabian, Y. G. and Simonyan, A. and Smith, G. D. and Sober, D. I. and Sokhan, D. and Stepanyan, S. S. and Strauch, S. and Sytnik, V. and Tang, W. and Tian, Ye and Ungaro, M. and Vlassov, A. V. and Voskanyan, H. and Voutier, E. and Walford, N. K. and Watts, D. and Wei, X. and Weinstein, L. B. and Yurov, M. and Zachariou, N. and Zana, L. and Zhang, J. and Zhao, Z. W. and Zonta, I.},
    number = {2},
    volume = {90},
    url = {https://journals.aps.org/prc/abstract/10.1103/PhysRevC.90.025205 https://arxiv.org/pdf/1405.0988.pdf},
    doi = {10.1103/PhysRevC.90.025205},
    issn = {1089490X}
}

@misc{Britannica2010LawProportions,
    title = {{law of multiple proportions}},
    year = {2010},
    booktitle = {Britannica},
    author = {Britannica, The Editors of Encyclopaedia},
    url = {https://www.britannica.com/science/law-of-multiple-proportions}
}

@misc{Epstein2019MeasurementMeV,
    title = {{Measurement of M{\o}ller scattering at 2.5 MeV}},
    year = {2019},
    booktitle = {arXiv},
    author = {Epstein, C.S. and Johnston, R. and Lee, S. and Bernauer, J.C. and Corliss, R. and Dow, K. and Fisher, P. and Fri{\v{s}}{\v{c}}i{\'{c}}, I. and Hasell, D. and Milner, R.G. and Moran, P. and Steadman, S.G. and Wang, Y. and Dodge, J. and Ihloff, E. and Kelsey, J. and Vidal, C. and Cooke, C.M.},
    number = {},
    volume = {}
}

@article{Epstein2020MeasurementAl.,
    title = {{Measurement of M{\o}ller scattering at 2.5 MeV MEASUREMENT of M{\O}LLER SCATTERING at 2.5 MEV EPSTEIN C. S. et al.}},
    year = {2020},
    journal = {Physical Review D},
    author = {Epstein, C.S. and Johnston, R. and Lee, S. and Bernauer, J.C. and Corliss, R. and Dow, K. and Fisher, P. and Fri{\v{s}}{\v{c}}i{\'{c}}, I. and Hasell, D. and Milner, R.G. and Moran, P. and Steadman, S.G. and Wang, Y. and Dodge, J. and Ihloff, E. and Kelsey, J. and Vidal, C. and Cooke, C.M.},
    number = {1},
    volume = {102},
    doi = {10.1103/PhysRevD.102.012006},
    issn = {24700029}
}

@article{Thomson1901OnAtoms,
    title = {{On Bodies Smaller than Atoms}},
    year = {1901},
    journal = {The Poular Science Monthly},
    author = {Thomson, J.J.},
    pages = {323--325},
    url = {https://books.google.com/books?id=3CMDAAAAMBAJ&pg=PA323#v=onepage&q&f=false}
}

@article{Berthou2018PARTONS:Software,
    title = {{PARTONS: PARtonic Tomography Of Nucleon Software}},
    year = {2018},
    journal = {The European Physical Journal C},
    author = {Berthou, B. and Binosi, D. and Chouika, N. and Colaneri, L. and Guidal, M. and Mezrag, C. and Moutarde, H. and Rodr{\'{i}}guez-Quintero, J. and Sabati{\'{e}}, F. and Sznajder, P. and Wagner, J.},
    number = {6},
    month = {6},
    pages = {478},
    volume = {78},
    doi = {10.1140/epjc/s10052-018-5948-0},
    issn = {1434-6044}
}

@article{Johnston2019RealizationElectrons,
    title = {{Realization of a large-acceptance Faraday Cup for 3MeV electrons}},
    year = {2019},
    journal = {Nuclear Instruments and Methods in Physics Research, Section A: Accelerators, Spectrometers, Detectors and Associated Equipment},
    author = {Johnston, R. and Bernauer, J. and Cooke, C.M. and Corliss, R. and Epstein, C.S. and Fisher, P. and Fri{\v{s}}{\v{c}}i{\'{c}}, I. and Hasell, D. and Ihloff, E. and Kelsey, J. and Lee, S. and Milner, R.G. and Moran, P. and Steadman, S.G. and Vidal, C.},
    number = {},
    volume = {922},
    doi = {10.1016/j.nima.2018.12.080},
    issn = {01689002},
    keywords = {Beam diagnostics, Faraday cup, Van de Graaff accelerator}
}

@techreport{Patrignani2018ReviewPhysics,
    title = {{Review of Particle Physics}},
    year = {2018},
    author = {Patrignani, C. and {et al. (Particle Data Group)}},
    pages = {441 - 455},
    doi = {10.1088/1674-1137/40/10/100001}
}

@article{Burkert2020TheLaboratory,
    title = {{The CLAS12 Spectrometer at Jefferson Laboratory}},
    year = {2020},
    journal = {Nuclear Instruments and Methods in Physics Research, Section A: Accelerators, Spectrometers, Detectors and Associated Equipment},
    author = {Burkert, V.D. and Elouadrhiri, L. and Adhikari, K.P. and Adhikari, S. and Amaryan, M.J. and Anderson, D. and Angelini, G. and Antonioli, M. and Atac, H. and Aune, S. and Avakian, H. and Gayoso, C.A. and Baltzell, N. and Barion, L. and Battaglieri, M. and Baturin, V. and Bedlinskiy, I. and Benmokhtar, F. and Bianconi, A. and Biselli, A.S. and Bonneau, P. and Boss{\`{u}}, F. and Boyarinov, S. and Briscoe, W.J. and Brooks, W.K. and Bruhwel, K. and Carman, D.S. and Celentano, A. and Charles, G. and Chatagnon, P. and Chetry, T. and Christiaens, G. and Christo, S. and Ciullo, G. and Clary, B.A. and Cole, P.L. and Contalbrigo, M. and Cook, M. and Crede, V. and Cruz-Torres, R. and Cuevas, C. and D'Angelo, A. and Dashyan, N. and Defurne, M. and Deur, A. and De Vita, R. and Diehl, S. and Djalali, C. and Dodge, G. and Dupre, R. and Ehrhart, M. and El Fassi, L. and Eng, B. and Ewing, T. and Fair, R. and Fedotov, G. and Filippi, A. and Forest, T.A. and Gar{\c{c}}on, M. and Gavalian, G. and Ghoshal, P. and Gilfoyle, G.P. and Giovanetti, K. and Girod, F.X. and Glazier, D.I. and Golovatch, E. and Gothe, R.W. and Gotra, Y. and Griffioen, K.A. and Guidal, M. and Gyurjyan, V. and Hafidi, K. and Hakobyan, H. and Hanretty, C. and Harrison, N. and Hattawy, M. and Hauenstein, F. and Hayward, T.B. and Heddle, D. and Hemler, P. and Hen, O.A. and Hicks, K. and Hobart, A. and Hogan, J. and Holtrop, M. and Ilieva, Y. and Illari, I. and Insley, D. and Ireland, D.G. and Ishkhanov, B.S. and Isupov, E.L. and Jacobs, G. and Jo, H.S. and Johnston, R. and Joo, K. and Joosten, S. and Kageya, T. and Kashy, D. and Keith, C. and Keller, D. and Khachatryan, M. and Khanal, A. and Kim, A. and Kim, C.W. and Kim, W. and Kubarovsky, V. and Kuhn, S.E. and Lanza, L. and Leffel, M. and Lucherini, V. and Lung, A. and Kabir, M.L. and Leali, M. and Lee, S. and Lenisa, P. and Livingston, K. and Lowry, M. and MacGregor, I.J.D. and Mandjavidze, I. and Marchand, D. and Markov, N. and Mascagna, V. and McKinnon, B. and McMullen, M. and Mealer, C. and Mestayer, M.D. and Meziani, Z.E. and Miller, R. and Milner, R.G. and Mineeva, T. and Mirazita, M. and Mokeev, V. and Moran, P. and Movsisyan, A. and Camacho, C.M. and Naidoo, P. and Nanda, S. and Newton, J. and Niccolai, S. and Niculescu, G. and Osipenko, M. and Paolone, M. and Pappalardo, L.L. and Paremuzyan, R. and Pastor, O. and Pasyuk, E. and Phelps, W. and Pogorelko, O. and Poudel, J. and Price, J.W. and Price, K. and Procureur, S. and Prok, Y. and Protopopescu, D. and Rajput-Ghoshal, R. and Raue, B.A. and Raydo, B. and Ripani, M. and Ritman, J. and Rizzo, A. and Rosner, G. and Rossi, P. and Rowley, J. and Roy, B.J. and Sabati{\'{e}}, F. and Salgado, C. and Schadmand, S. and Schmidt, A. and Segarra, E.P. and Sergeyeva, V. and Sharabian, Y.G. and Shrestha, U. and Skorodumina, I. and Smith, G.D. and Smith, L.C. and Sokhan, D. and Soto, O. and {N.Sparveris} and Stepanyan, S. and Stoler, P. and Strauch, S. and Tan, J.A. and Taylor, M. and Tilles, D. and Turisini, M. and Tyler, N. and Ungaro, M. and Venturelli, L. and Voskanyan, H. and Voutier, E. and Watts, D. and Wei, X. and Weinstein, L.B. and Wiggins, C. and Wiseman, M. and Wood, M.H. and Yegneswaran, A. and Young, G. and Zachariou, N. and Zarecky, M. and Zhang, J. and Zhao, Z.W. and Ziegler, V.},
    number = {},
    volume = {959},
    doi = {10.1016/j.nima.2020.163419},
    issn = {01689002},
    keywords = {CLAS12, Electromagnetic physics, Large acceptance, Luminosity, Magnetic spectrometer}
}

@book{ThomasMcEvilley2002THePhilosophies,
    title = {{THe Shape of Ancient Thought: Comparative Studies in Greek and Indian Philosophies}},
    year = {2002},
    author = {{Thomas McEvilley}},
    publisher = {Allworth Press},
    address = {New York},
    isbn = {978-0-8020-4390-0}
}