






@article{doi:10.1080/14786431003659230,
author = { E.   Rutherford },
title = {Collision of Î± particles with light atoms. IV. An anomalous effect in nitrogen},
journal = {Philosophical Magazine},
volume = {90},
number = {sup1},
pages = {31-37},
year  = {2010},
publisher = {Taylor & Francis},
doi = {10.1080/14786431003659230},

URL = { 
    
        https://doi.org/10.1080/14786431003659230
    
    

},
eprint = { 
    
        https://doi.org/10.1080/14786431003659230
    
    

}

}


